
%%%%%%%%%%%%%%%%%%%%%%%%%%%%%%%
%% DYNAMICS OF SOFT ROBOTICS %%
%%%%%%%%%%%%%%%%%%%%%%%%%%%%%%%
% book on robotics modeling
@book{Spong2006,
	address = {New York},
	title = {Robot modeling and control},
	isbn = {9780471649908},
	publisher = {John Wiley \& Sons},
	author = {Spong, Mark W. and Hutchinson, Seth and Vidyasagar, M.},
	year = {2006},
	keywords = {Robots, Control systems, Robots, Dynamics, Robotics}
}

% multi-body notation in Lie groups
@article{Traversaro2016,
	author = {Traversaro, Silvio and Saccon, Alessandro},
	title = {{Multibody Dynamics Notation}},
	year = {2016}
}

% mathematical model robotics with group theory
@book{Murray1994,
	title = {A mathematical introduction to robotic manipulation},
	isbn = {9781315136370 9781351469791},
	language = {English},
	urldate = {2020-04-17},
	author = {Murray, Richard M and Li, Zexiang and Sastry, Shankar},
	year = {1994}
}

% first models on Cosserat beams
@article{Simo1986,
	author = {Simo, J. C. and Vu-Quoc, L.},
	doi = {10.1016/0045-7825(86)90079-4},
	issn = {00457825},
	journal = {Computer Methods in Applied Mechanics and Engineering},
	number = {1},
	pages = {79--116},
	title = {{A three-dimensional finite-strain rod model. part II: Computational aspects}},
	volume = {58},
	year = {1986}
}

% point-care equations for eel-robotics
@article{Boyer2010,
	author = {Boyer, Frederic and Porez, Mathieu and Leroyer, Alban},
	booktitle = {Journal of Nonlinear Science},
	doi = {10.1007/s00332-009-9050-5},
	isbn = {0033200990505},
	issn = {09388974},
	keywords = {Eel-like robots,Hyper-redundant locomotion,Lagrangian reduction,Lie groups,Poincar{\'{e}}-Cosserat equations,Swimming dynamics},
	number = {1},
	pages = {47--79},
	title = {{Poincar{\'{e}}-cosserat equations for the lighthill three-dimensional large amplitude elongated body theory: Application to robotics}},
	volume = {20},
	year = {2010}
}

@article{Sonneville2014,
doi = {10.1016/j.cma.2013.10.008},
file = {:home/brandon/Documents/phd/references/1-s2.0-S0045782513002600-main.pdf:pdf},
issn = {00457825},
journal = {Computer Methods in Applied Mechanics and Engineering},
keywords = {Dynamic beam,Finite element,Lie group,Special Euclidean group},
pages = {451--474},
publisher = {Elsevier B.V.},
title = {{Geometrically exact beam finite element formulated on the special Euclidean group SE(3)}},
url = {http://dx.doi.org/10.1016/j.cma.2013.10.008},
volume = {268},
year = {2014}
}


% recursive inverse-dynamics for linked robotics
@book{Featherstone1987,
	address = {Boston, MA},
	title = {Rigid body dynamics algorithms},
	isbn = {9780387743141 9780387743158},
	publisher = {Springer},
	author = {Featherstone, Roy},
	year = {1987},
	keywords = {Dynamics, Rigid, Recursive functions, Robots, Dynamics}
}

@article{Caasenbrood2006,
	author = {Caasenbrood, Brandon and Pogromsky, Alexander and Nijmeijer, Henk},
	journal = {IFAC Proceedings Volumes (IFAC-PapersOnline)},
	keywords = {modeling,robotics technology,robots manipulators},
	title = {{Dynamic modeling of hyper-elastic soft robots using spatial curves}},
	year = {2020 (accepted)}
}

% under-actuated robotics
@inproceedings{Tedrake2009,
  title={Underactuated Robotics: Learning, Planning, and Control for Ecient and Agile Machines Course Notes for MIT 6.832},
  author={Russ Tedrake},
  year={2009}
}

% derivation of geometric jacobian for SE(3)
@article{Garofalo2013,
author = {Garofalo, Gianluca and Ott, Christian and Albu-Schaffer, Alin},
doi = {10.1109/IROS.2013.6696688},
isbn = {9781467363587},
issn = {21530858},
journal = {IEEE International Conference on Intelligent Robots and Systems},
pages = {2364--2369},
title = {{On the closed form computation of the dynamic matrices and their differentiations}},
year = {2013}
}


%%%%%%%%%%%%%%%%%%%%%%%%%%%%%%%
%% CONTROL OF SOFT ROBOTICS  %%
%%%%%%%%%%%%%%%%%%%%%%%%%%%%%%%

% energy-based control for 
@article{Fantoni2000,
	author = {Fantoni, Isabelle and Lozano, Rogelio and Spong, Mark W.},
	doi = {10.1109/9.847110},
	issn = {00189286},
	journal = {IEEE Transactions on Automatic Control},
	number = {4},
	pages = {725--729},
	title = {{Energy based control of the Pendubot}},
	volume = {45},
	year = {2000}
}

@article{Santina2019,
author = {Santina, Cosimo Della and Pallottino, Lucia and Rus, Daniela and Bicchi, Antonio},
doi = {10.1109/LRA.2019.2907412},
file = {:C\:/Users/s118759/Google Drive/PHD/references_papers/00_main.pdf:pdf},
issn = {23773766},
journal = {IEEE Robotics and Automation Letters},
keywords = {Modeling,and learning for soft robots,control,motion control,natural machine motion,redundant robots,soft robot applications},
number = {3},
pages = {2508--2515},
title = {{Exact Task Execution in Highly Under-Actuated Soft Limbs: An Operational Space Based Approach}},
volume = {4},
year = {2019}
}

@article{Khatib1987,
author = {Khatib, Oussama},
journal = {IEEE International Conference on Robotics and Automation},
number = {1},
title = {{A Unified Approach for Motion and Force Control}},
volume = {3},
year = {1987}
}

@inproceedings{Spong1998,
author="Spong, Mark W.",
title="Underactuated mechanical systems",
booktitle="Control Problems in Robotics and Automation",
year="1998",
publisher="Springer Berlin Heidelberg",
address="Berlin, Heidelberg",
pages="135--150",
isbn="978-3-540-40913-7"
}

@article{Spong1996,
title = "Energy Based Control of a Class of Underactuated Mechanical Systems",
journal = "IFAC Proceedings Volumes",
volume = "29",
number = "1",
pages = "2828 - 2832",
year = "1996",
issn = "1474-6670",
doi = "https://doi.org/10.1016/S1474-6670(17)58105-7",
author = "Mark W. Spong",
}

@article{Schaft2004,
author = {Schaft, A. J.},
doi = {10.1007/978-3-7091-2774-2_9},
file = {:home/brandon/Downloads/CISMpaper.pdf:pdf},
journal = {Advanced Dynamics and Control of Structures and Machines},
pages = {127--167},
title = {{Port-Hamiltonian Systems: Network Modeling and Control of Nonlinear Physical Systems}},
year = {2004}
}

@article{Ortega2002,
author = {Ortega, Romeo and Spong, Mark W. and G{\'{o}}mez-Estern, Fabio and Blankenstein, Guido},
doi = {10.1109/TAC.2002.800770},
file = {:home/brandon/Downloads/Rodr{\'{i}}guez, Ortega - 2002 - Stabilization of electromechanical systems via interconnection and damping assignment.pdf:pdf},
journal = {IEEE Transactions on Automatic Control},
keywords = {Lumped-parameter systems,Lyapunov function,Nonlinear systems,Stability analysis,Stabilizing controllers},
number = {8},
pages = {1218--1233},
title = {{Stabilization of a Class of Underactuated MechanicalSystems Via Interconnection and DampingAssignment}},
volume = {47},
year = {2002}
}



@article{Zalda2016,
author = {{V. Z{\'{a}}da and K. Belda}},
isbn = {9781467386067},
journal = {2016 17th International Carpathian Control Conference (ICCC)},
keywords = {hamiltonian formalism,mathe-,matical modeling,model-oriented motion control,pd control,robot-manipulator},
pages = {813--818},
title = {{Mathematical Modeling of Industrial Robots based on Hamiltonian Mechanics}},
year = {2016}
}

@article{Berghuis1993,
author = {Berghuis, Harry and Nijmeijer, Henk},
doi = {10.1109/70.265918},
file = {:home/brandon/Downloads/00265918.pdf:pdf},
issn = {1042296X},
journal = {IEEE Transactions on Robotics and Automation},
number = {6},
pages = {740--754},
title = {{A Passivity Approach to Controller-Observer Design for Robots}},
volume = {9},
year = {1993}
}

@article{Benner2014,
author = {Benner, Peter and Sachs, Ekkehard and Volkwein, Stefan},
doi = {10.1007/978-3-319-05083-6_19},
issn = {22966072},
journal = {International Series of Numerical Mathematics},
keywords = {Adaptive methods,Model order reduction,Optimal control,PDE constrained optimization,Proper orthogonal decomposition},
pages = {303--326},
title = {{Model order reduction for PDE constrained optimization}},
volume = {165},
year = {2014}
}

@article{Astrid2008,
author = {Astrid, Patricia and Weiland, Siep and Willcox, Karen and Backx, Ton},
doi = {10.1109/TAC.2008.2006102},
issn = {00189286},
journal = {IEEE Transactions on Automatic Control},
keywords = {Model reduction,Parameter-varying systems,Proper orthogonal decomposition,Time-varying systems},
number = {10},
pages = {2237--2251},
title = {{Missing point estimation in models described by proper orthogonal decomposition}},
volume = {53},
year = {2008}
}

