@article{Spong2006,
author = {Spong, Mark W. and Hutchinson, Seth and Vidyasagar, M.},
doi = {10.1109/MCS.2006.252815},
isbn = {0471649902},
issn = {1066033X},
journal = {IEEE Control Systems},
number = {6},
pages = {113--115},
pmid = {8536973},
title = {{Robot modeling and control}},
volume = {26},
year = {2006}
}

@article{Traversaro2016,
author = {Traversaro, Silvio and Saccon, Alessandro},
title = {{Multibody Dynamics Notation}},
year = {2016}
}

@book{MurrayRichardMZexiangLi1994,
archivePrefix = {arXiv},
arxivId = {arXiv:1011.1669v3},
author = {{Murray, Richard M, Zexiang Li}, S.Shankar Sastry},
booktitle = {Journal of Chemical Information and Modeling},
doi = {10.1017/CBO9781107415324.004},
eprint = {arXiv:1011.1669v3},
isbn = {9788578110796},
issn = {1098-6596},
keywords = {icle},
number = {9},
pmid = {25246403},
title = {{A Mathematical Introduction to Robotic Manipulation}},
volume = {53},
year = {1994}
}

@book{Boyer2010,
author = {Boyer, Frederic and Porez, Mathieu and Leroyer, Alban},
booktitle = {Journal of Nonlinear Science},
doi = {10.1007/s00332-009-9050-5},
file = {:C$\backslash$:/Users/s118759/Google Drive/PHD/references{\_}papers/Boyer2010{\_}Article{\_}Poincar{\'{e}}CosseratEquationsForTh.pdf:pdf},
isbn = {0033200990505},
issn = {09388974},
keywords = {Eel-like robots,Hyper-redundant locomotion,Lagrangian reduction,Lie groups,Poincar{\'{e}}-Cosserat equations,Swimming dynamics},
number = {1},
pages = {47--79},
title = {{Poincar{\'{e}}-cosserat equations for the lighthill three-dimensional large amplitude elongated body theory: Application to robotics}},
volume = {20},
year = {2010}
}
